<?xml version="1.0" encoding="UTF-8"?><record xmlns="http://www.loc.gov/MARC21/slim" xmlns:cinclude="http://apache.org/cocoon/include/1.0" xmlns:zs="http://www.loc.gov/zing/srw/">
  <leader>00627cz  a2200157n  4500</leader>
  <controlfield tag="001">n 2001129261</controlfield>
  <controlfield tag="003">DLC</controlfield>
  <controlfield tag="005">20140725073840.0</controlfield>
  <controlfield tag="008">010726n| azannaabn          |n aaa      </controlfield>
  <datafield tag="010" ind1=" " ind2=" ">
    <subfield code="a">n 2001129261</subfield>
  </datafield>
  <datafield tag="035" ind1=" " ind2=" ">
    <subfield code="a">(DNLM)1144728</subfield>
  </datafield>
  <datafield tag="035" ind1=" " ind2=" ">
    <subfield code="a">(OCoLC)oca05544860</subfield>
  </datafield>
  <datafield tag="040" ind1=" " ind2=" ">
    <subfield code="a">DNLM</subfield>
    <subfield code="b">eng</subfield>
    <subfield code="e">rda</subfield>
    <subfield code="c">DNLM</subfield>
    <subfield code="d">DNLM</subfield>
  </datafield>
  <datafield tag="046" ind1=" " ind2=" ">
    <subfield code="f">1961</subfield>
  </datafield>
  <datafield tag="100" ind1="1" ind2=" ">
    <subfield code="a">Merello, Marcelo J.,</subfield>
    <subfield code="d">1961-</subfield>
  </datafield>
  <datafield tag="670" ind1=" " ind2=" ">
    <subfield code="a">Psychiatric and cognitive disorders in Parkinson Disease, 2002:</subfield>
    <subfield code="b">CIP t.p. (Marcelo J. Merello, M.D., Ph.D.; dir., Movement Disorders Section, Dept. of Neurology, RauĚl Carrea Inst. of Neurological Research-FLENI, Buenos Aires, Argentina) data sheet (b. 1961)</subfield>
  </datafield>
</record>